@INPROCEEDINGS{Meyer:2004, 
author={Meyer, U. and Wetzel, S.}, 
booktitle={Personal, Indoor and Mobile Radio Communications, 2004. PIMRC 2004. 15th IEEE International Symposium on}, 
title={On the impact of GSM encryption and man-in-the-middle attacks on the security of interoperating GSM/UMTS networks}, 
year={2004}, 
month={Sept}, 
volume={4}, 
pages={2876-2883 Vol.4}, 
keywords={3G mobile communication;cellular radio;cryptography;message authentication;telecommunication security;telecommunication traffic;GSM encryption;Global System for Mobile Communication;UMTS network;Universal Mobile Telecommunication System;ciphertext-only attack;man-in-the-middle attacks;message authentication;3G mobile communication;Authentication;Base stations;Computer science;Computer security;Cryptography;GSM;Protection;Telecommunication traffic;Telephony}, 
doi={10.1109/PIMRC.2004.1368846}
}
@INPROCEEDINGS{Becher:2011, 
author={Becher, M. and Freiling, F.C. and Hoffmann, J. and Holz, T. and Uellenbeck, S. and Wolf, C.}, 
booktitle={Security and Privacy (SP), 2011 IEEE Symposium on}, 
title={Mobile Security Catching Up? Revealing the Nuts and Bolts of the Security of Mobile Devices}, 
year={2011}, 
month={May}, 
pages={96-111}, 
keywords={Internet;mobile computing;security of data;Internet society;Web browser;bolts;mobile devices;mobile network security;nuts;Computers;Mobile communication;Mobile computing;Operating systems;Security;Smart phones;mobile security;smartphones;survey}, 
doi={10.1109/SP.2011.29}, 
ISSN={1081-6011}
}
@Misc{ wiki:GSM,
   author = "Wikipedia",
   title = "GSM --- Wikipedia{,} The Free Encyclopedia",
   year = "2014",
   url = "\url{http://en.wikipedia.org/w/index.php?title=GSM&oldid=597234520}",
   note = "[Online; accessed 8-March-2014]"
 }
@Misc{ wiki:UMTS,
   author = "Wikipedia",
   title = "Universal Mobile Telecommunications System --- Wikipedia{,} The Free Encyclopedia",
   year = "2014",
   url = {http://en.wikipedia.org/w/index.php?title=Universal_Mobile_Telecommunications_System&oldid=591140651},
   note = "[Online; accessed 8-March-2014]"
 }
@inproceedings{Barkan,
  title={Instant Ciphertext-Only Cryptanalysis of {GSM} Encrypted Communication},
  booktitle={Advances in Cryptology - CRYPTO 2003, 23rd Annual International Cryptology Conference, Santa Barbara, California, USA, August 17-21, 2003, Proceedings},
  series={Lecture Notes in Computer Science},
  publisher={Springer},
  volume={2729},
  pages={600-616},
  url={http://www.iacr.org/cryptodb/archive/2003/CRYPTO/994/994.pdf},
  doi={10.1007/978-3-540-45146-4_35},
  author={Elad Barkan and Eli Biham and Nathan Keller},
  year=2003
}
@INPROCEEDINGS{permisions, 
author={Bartel, A. and Klein, J. and Le Traon, Y. and Monperrus, M.}, 
booktitle={Automated Software Engineering (ASE), 2012 Proceedings of the 27th IEEE/ACM International Conference on}, 
title={Automatically securing permission-based software by reducing the attack surface: an application to Android}, 
year={2012}, 
month={Sept}, 
pages={274-277}, 
keywords={invasive software;operating systems (computers);program diagnostics;Android applications;attack surface reduction;code injection;malware;permission gap;permission-based software security;static analysis;Android;Permissions;Soot;call-graph;permission-based software;security;static analysis}, 
doi={10.1145/2351676.2351722},}

@Misc{2G-coverage,
author = {International Telecommunication Union},
title = {The World in 2011 {ITC} Facts and Figures},
howpublished={http://www.itu.int/ITU-D/ict/facts/2011/material/ICTFactsFigures2011.pdf},
OPThowpublished = {on Line},
year = {2011},
}
@INPROCEEDINGS{Keylogging, 
author={Mohsen, F. and Shehab, M.}, 
booktitle={Collaborative Computing: Networking, Applications and Worksharing (Collaboratecom), 2013 9th International Conference Conference on}, 
title={Android keylogging threat}, 
year={2013}, 
month={Oct}, 
pages={545-552}, 
keywords={Android (operating system);mobile computing;security of data;Android keylogging threat;Android platform;Android soft keyboards;Android standard keyboard;KeyboardView class;security risks;third-party keyboards;Androids;Humanoid robots;Keyboards;Malware;Mobile communication;Smart phones;Software;keyboard logging;mobile apps;mobile security}
}

@Misc{mobile-usage,
title = {State of mobile 20013},
howpublished ={http://www.supermonitoring.com/blog/2013/09/23/state-of-mobile-2013-infographic/},
note={accessed 24-March-2014}
}

@Misc{wiki:side-channel,
   author = "Wikipedia",
   title = "Side channel attack --- Wikipedia{,} The Free Encyclopedia",
   year = "2014",
   url = "http://en.wikipedia.org/w/index.php?title=Side_channel_attack&oldid=590892960",
   note = "[Online; accessed 24-March-2014]"
 }

 
 @inproceedings{PINskimmer,
 author = {Simon, Laurent and Anderson, Ross},
 title = {PIN Skimmer: Inferring PINs Through the Camera and Microphone},
 booktitle = {Proceedings of the Third ACM Workshop on Security and Privacy in Smartphones \&\#38; Mobile Devices},
 series = {SPSM '13},
 year = {2013},
 isbn = {978-1-4503-2491-5},
 location = {Berlin, Germany},
 pages = {67--78},
 numpages = {12},
 url = {http://doi.acm.org.ezproxy.morris.umn.edu/10.1145/2516760.2516770},
 doi = {10.1145/2516760.2516770},
 acmid = {2516770},
 publisher = {ACM},
 address = {New York, NY, USA},
 keywords = {audio, camera, covert channel, microphone, mobile, mobile malware, pin, side channel, video camera}
} 
@InProceedings{security-mech,
author = {Stefan Putz, Roland Schmitz, Tobias Martin},
title = {Security Mechanisms in UMTS},
booktitle = {Datenschutz und Datensicherheit 25 (2001) X},
OPTcrossref = {•},
OPTkey = {•},
OPTpages = {•},
OPTyear = {•},
OPTeditor = {•},
OPTvolume = {•},
OPTnumber = {•},
OPTseries = {•},
OPTaddress = {•},
OPTmonth = {•},
OPTorganization = {•},
OPTpublisher = {•},
OPTnote = {•},
OPTannote = {•}
}

@Book{springer,
ALTauthor = {Christof Paar},
ALTeditor = {Jan Pelzl},
title = {Understanding Cryptography},
publisher = {Springer},
year = {2010}
}
@misc{wiki:man,
   author = "Wikipedia",
   title = "Man-in-the-middle attack --- Wikipedia{,} The Free Encyclopedia",
   year = "2014",
   url = "\url{http://en.wikipedia.org/w/index.php?title=Man-in-the-middle_attack&oldid=604530950}",
   note = "[Online; accessed 22-April-2014]"
 }
 
@InProceedings{kenworthy,
author = {Gary Kenworthy and Pankaj Rohatgi},
title = {Mobile Device Security: The case for side channel resistance},
booktitle = {IEEE CS Security and Privacy Workshop 2012
},
OPTcrossref = {•},
OPTkey = {•},
OPTpages = {•},
OPTyear = {•},
OPTeditor = {•},
OPTvolume = {•},
OPTnumber = {•},
OPTseries = {•},
OPTaddress = {•},
OPTmonth = {•},
OPTorganization = {•},
OPTpublisher = {•},
OPTnote = {•},
OPTannote = {•}
}
